%ここにBIBテキストをコピペする
@book{Soseki1905,
  author = "夏目漱石",
  title = "吾輩ハ猫デアル",
  publisher = "大倉書店",
  year = 1905,
}

@book{Haruki2005,
  author = "村上春樹",
  title = "海辺のカフカ",
  publisher = "新潮社",
  year = 2005,
}