%＝＝＝＝＝＝＝＝＝＝＝＝＝＝＝＝＝＝＝＝＝＝＝＝＝
@article{,
  title={},
  author={},
  journal={},
  volume={},
  number={},
  pages={},
  year={},
  doi={}
}
%＝＝＝＝＝＝＝＝＝＝＝＝＝＝＝＝＝＝＝＝＝＝＝＝＝＝
@article{robotneeds,
  title={平成27年度産業用ロボットの新分野展開における導入阻害要因調査事業　報告書},
  author={近畿経済産業局},
  journal={平成28年3月，\url{https://www.kansai.meti.go.jp/3jisedai/report/robot.pdf}},
  volume={},
  number={},
  pages={},
  year={},
  doi={}
}
