%＝＝＝＝＝＝＝＝＝＝＝＝＝＝＝＝＝＝＝＝＝＝＝＝＝
@article{,
  title={},
  author={},
  journal={},
  volume={},
  number={},
  pages={},
  year={},
  doi={}
}
%＝＝＝＝＝＝＝＝＝＝＝＝＝＝＝＝＝＝＝＝＝＝＝＝＝＝
